<record><leader>00000cas a2200000 a 4500</leader><controlfield tag="001">42467149</controlfield><controlfield tag="008">990930d19uu19uucaucr ne      0    0eng c</controlfield><datafield ind1=" " ind2=" " tag="010"><subfield code="a">sn 99060892 </subfield></datafield><datafield ind1=" " ind2=" " tag="040"><subfield code="a">CNK</subfield><subfield code="b">eng</subfield><subfield code="c">CNK</subfield><subfield code="d">OCLCQ</subfield><subfield code="d">OCLCF</subfield><subfield code="d">OCLCO</subfield></datafield><datafield ind1=" " ind2=" " tag="042"><subfield code="a">pcc</subfield></datafield><datafield ind1=" " ind2=" " tag="043"><subfield code="a">n-us-ca</subfield></datafield><datafield ind1="0" ind2=" " tag="130"><subfield code="a">Ledger (Montrose, Calif. : Sunland-Tujunga ed.)</subfield></datafield><datafield ind1="1" ind2="4" tag="245"><subfield code="a">The ledger.</subfield></datafield><datafield ind1="1" ind2=" " tag="246"><subfield code="i">Sunday issues published as:</subfield><subfield code="a">Sunday ledger</subfield><subfield code="f">&lt;Apr. 6, 1961-Aug. 28, 1973&gt;</subfield></datafield><datafield ind1="3" ind2=" " tag="246"><subfield code="a">Ledger west</subfield></datafield><datafield ind1=" " ind2=" " tag="250"><subfield code="a">Sunland-Tujunga ed.</subfield></datafield><datafield ind1=" " ind2=" " tag="260"><subfield code="a">Montrose, Calif. :</subfield><subfield code="b">Grace Marion Clark</subfield></datafield><datafield ind1=" " ind2=" " tag="300"><subfield code="a">v.</subfield></datafield><datafield ind1=" " ind2=" " tag="310"><subfield code="a">Semiweekly</subfield></datafield><datafield ind1=" " ind2=" " tag="500"><subfield code="a">"Ledger West" appears above "Ledger" in masthead on some issues.</subfield></datafield><datafield ind1=" " ind2=" " tag="588"><subfield code="a">Description based on: Vol. 40, no. 16, (Apr. 6, 1961).</subfield></datafield><datafield ind1=" " ind2="0" tag="651"><subfield code="a">Sunland (Los Angeles, Calif.)</subfield><subfield code="v">Newspapers.</subfield></datafield><datafield ind1=" " ind2="0" tag="651"><subfield code="a">Tujunga (Los Angeles, Calif.)</subfield><subfield code="v">Newspapers.</subfield></datafield><datafield ind1=" " ind2="7" tag="655"><subfield code="a">Newspapers.</subfield><subfield code="2">fast</subfield><subfield code="0">(OCoLC)fst01423814</subfield></datafield><datafield ind1=" " ind2="7" tag="651"><subfield code="a">California</subfield><subfield code="z">Los Angeles</subfield><subfield code="z">Sunland.</subfield><subfield code="2">fast</subfield><subfield code="0">(OCoLC)fst01314630</subfield></datafield><datafield ind1=" " ind2="7" tag="651"><subfield code="a">California</subfield><subfield code="z">Los Angeles</subfield><subfield code="z">Tujunga.</subfield><subfield code="2">fast</subfield><subfield code="0">(OCoLC)fst01312445</subfield></datafield><datafield ind1=" " ind2=" " tag="752"><subfield code="a">United States</subfield><subfield code="b">California</subfield><subfield code="c">Los Angeles</subfield><subfield code="d">Montrose.</subfield></datafield><datafield ind1="0" ind2=" " tag="775"><subfield code="t">Ledger (Montrose, Calif.)</subfield><subfield code="w">(DLC)sn 99060883</subfield></datafield></record>